@article{becker,
  title={A theory of marriage: Part I},
  author={Becker, Gary S},
  journal={Journal of Political economy},
  volume={81},
  number={4},
  pages={813--846},
  year={1973},
  publisher={The University of Chicago Press}
}
@article{morrill,
  title={Quantitative Genetic Analysis of Reproduction Traits in Ball Pythons},
  author={Morrill, Benson H},
  year={2011}
}